// ************
// PhD Theses *
// ************

@phdthesis{Hicks_Thesis,
	author       = {Damien G. Hicks}, 
	title        = {Charged-Particle Spectroscopy: A New Window on Inertial Confinement Fusion},
	school       = {Massachusetts Institute of Technology},
	year         = 1999,
	month        = {June},
}

// **********
// Images
// ***********

@misc{Image_ThreeGorgesDam,
	author = {{Wikipedia, the free encyclopedia}},
	title = {{Three} {Gorges} {Dam}},
	howpublished = {\url{https://commons.wikimedia.org/wiki/File:ThreeGorgesDam-China2009.jpg}}
	
}

@misc{Image_WindFarm,
	author = {{Wikipedia, the free encyclopedia}},
	title = {},
	howpublished = {\url{https://commons.wikimedia.org/wiki/File:Wind_turbines_in_southern_California_2016.jpg}}
}

@misc{Image_SolarFarm,
	author = {{Wikipedia, the free encyclopedia}},
	title = {Solar power plant (Serpa, Portugal)},
	howpublished = {\url{https://commons.wikimedia.org/wiki/File:SolarPowerPlantSerpa.jpg}}
}

@misc{Image_Sun,
	author = {{Wikipedia, the free encyclopedia}},
	title = {Sun as seen by {Atmospheric} {Imaging} {Assembly} of {NASA's} {Solar} {Dynamics} {Observatory}},
	howpublished = {\url{https://commons.wikimedia.org/wiki/File:The_Sun_by_the_Atmospheric_Imaging_Assembly_of_NASA\%27s_Solar_Dynamics_Observatory_-_20100819.jpg}}
}

@misc{Image_MSTR,
	title = {Reactor {Info}},
	howpublished = {\url{https://nuclear.mst.edu/research/reactor/}},
	language = {en-US},
	urldate = {2020-11-19},
	journal = {Missouri S\&T},
	author = {Missouri University of Science {and} Technology},
}

@article{sato1990thermochemistry,
  title={Thermochemistry of the formation of fossil fuels},
  author={Sato, Motoaki},
  journal={Fluid-Mineral Interactions: A Tribute to HP Eugster},
  volume={2},
  pages={271--283},
  year={1990},
  publisher={Geological Society of America}
}

@article{owidenergy,
    author = {Hannah Ritchie},
    title = {Energy},
    journal = {Our World in Data},
    year = {2014},
    note = {https://ourworldindata.org/energy}
}

@article{owidQoL,
    author = {Max Roser},
    title = {The short history of global living conditions and why it matters that we know it},
    journal = {Our World in Data},
    year = {2019},
    note = {https://ourworldindata.org/a-history-of-global-living-conditions-in-5-charts}
}

@article{owidfossilfuels,
    author = {Hannah Ritchie},
    title = {Fossil Fuels},
    journal = {Our World in Data},
    year = {2017},
    note = {https://ourworldindata.org/fossil-fuels}
}

@article{woolfson_origin_2000,
	title = {The origin and evolution of the solar system},
	volume = {41},
	issn = {1468-4004, 1366-8781},
	url = {https://academic.oup.com/astrogeo/article-lookup/doi/10.1046/j.1468-4004.2000.00012.x},
	doi = {10.1046/j.1468-4004.2000.00012.x},
	language = {en},
	number = {1},
	urldate = {2020-11-19},
	journal = {Astronomy \& Geophysics},
	author = {Woolfson, Michael},
	month = feb,
	year = {2000},
	pages = {1.12--1.19},
}

@inproceedings{tamm1937coherent,
  title={Coherent radiation of fast electrons in a medium},
  author={Tamm, IE and Frank, IM},
  booktitle={Dokl. Akad. Nauk SSSR},
  volume={14},
  number={3},
  pages={107--112},
  year={1937}
}

@misc{noauthor_awea_2010,
	title = {{AWEA} - {Projects}},
	howpublished = {\url{https://web.archive.org/web/20100807010520/http://www.awea.org/projects/Projects.aspx?s=California}},
	urldate = {2020-11-19},
	month = aug,
	year = {2010},
}

@article{noauthor_portugal_2006,
    author = {BBC},
	title = {Portugal starts huge solar plant},
	howpublished = {\url{http://news.bbc.co.uk/2/hi/europe/5056012.stm}},
	abstract = {Construction work begins in southern Portugal on what is set to be the world's largest solar power station.},
	language = {en-GB},
	urldate = {2020-11-19},
	month = jun,
	year = {2006},
	keywords = {BBC, News, BBC News, News online, World, Uk, International, Foreign, British, Online, Service},
}


@book{cleveland_handbook_2014,
	title = {Handbook of energy, {Volume} {II}, {Chronologies}, top ten lists, and word clouds},
	isbn = {9780124170193 9780124170131},
	language = {English},
	author = {Cleveland, Cutler J and Morris, Christopher G},
	year = {2014},
	note = {OCLC: 953128723},
}

@book{ehrlich_renewable_2014,
	address = {Hoboken},
	title = {Renewable {Energy}: a {First} {Course}.},
	isbn = {9781466599444},
	shorttitle = {Renewable {Energy}},
	abstract = {Front Cover; Contents; Preface; Acknowledgments; Author; Chapter 1: Introduction; Chapter 2: Fossil Fuels; Chapter 3: Nuclear Power : Basic Science; Chapter 4: Nuclear Power : Technology; Chapter 5: Biofuels; Chapter 6: Geothermal Energy; Chapter 7: Wind Power; Chapter 8: Hydropower; Chapter 9: Solar Radiation and Earth's Climate; Chapter 10: Solar Thermal; Chapter 11: Photovoltaics; Chapter 12: Energy Conservation and Efficiency; Chapter 13: Energy Storage and Transmission; Chapter 14: Climate and Energy: Policy, Politics, and Public Opinion; Appendix; Back Cover. IntroductionWhy Another Book on Energy?Why Is Energy So Important to Society?Exactly What Is Energy?Might There Be Some New Forms of Energy Not Yet Known?What Are the Units of Energy?Laws of ThermodynamicsWhat Is an Energy Source?What Exactly Is the World's Energy Problem?How Is Green or Renewable Energy Defined?Why Has Renewable Energy and Conservation Been Neglected Until Fairly Recently?Does Energy Efficiency Really Matter?Which Renewable Energy Sources Hold the Greatest Promise?Who Are the World Leaders in Renewable Energy?What Is Our Likely Energy Future?Complexities in Charting the Best.},
	language = {English},
	publisher = {CRC Press},
	author = {Ehrlich, Robert},
	year = {2014},
	note = {OCLC: 910558618},
}






// ******
// Misc *
// ******

@article{Bloch_1933,
author = {Bloch, F.},
title = {Zur Bremsung rasch bewegter Teilchen beim Durchgang durch Materie},
journal = {Annalen der Physik},
volume = {408},
number = {3},
pages = {285-320},
doi = {10.1002/andp.19334080303},
url = {https://onlinelibrary.wiley.com/doi/abs/10.1002/andp.19334080303},
eprint = {https://onlinelibrary.wiley.com/doi/pdf/10.1002/andp.19334080303},
year = {1933}
}

@article{Bethe_1953,
	author = {
	H. Bethe and J. Ashkin
	},
	title = {Transport of radiation through the matter},
	journal = {Experimental Nuclear Physics},
	year = {1953},
}

@book{SRIM,
	author = {
		James F. Ziegler and
		Jochen P. Biersack and
		Matthias D. Ziegler
	},
	title = {The Stopping and Range	of Ions in Matter},
	publisher = {SRIM Company},
	year = {2015}
}

@book{Proton_and_Carbon_Ion_Therapy,
	author = {
		C-M Charlie Ma and Tony Lomax
	},
	title = {Proton and Carbon Ion Therapy},
	publisher = {CRC Press},
	year = {2012}
}

@book{Durrani_Book,
	author = {
	S.A. Durrani and R. K. Bull
	},
	title = {Solid State Nuclear Track Detection Principles, Methods and Applications},
	publisher = {Pergamon Book Ltd},
	year = {1987}
}

@book{MCNP6,
	author    = {C.J. Werner},
	title     = {MCNP Users Manual - Code Version 6.2},
	publisher = {Los Alamos National Laboratory, report LA-UR-17-29981},
	year      = {2017},
}

@online{TASL,
	author = {Track Analysis Systems Ltd},
	title = {{TASTRAC PADC}},
	year = 2015,
	note = {http://www.tasl.co.uk/plastics.php},
	url = {http://www.tasl.co.uk/plastics.php},
	urldate = {2020-04-20},
}

@article{OMEGA_Ref,
	title = "Initial performance results of the OMEGA laser system",
	journal = "Optics Communications",
	volume = "133",
	number = "1",
	pages = "495 - 506",
	year = "1997",
	issn = "0030-4018",
	doi = "https://doi.org/10.1016/S0030-4018(96)00325-2",
	url = "http://www.sciencedirect.com/science/article/pii/S0030401896003252",
	author = "T.R Boehly and D.L Brown and R.S Craxton and R.L Keck and J.P Knauer and J.H Kelly and T.J Kessler and S.A Kumpan and S.J Loucks and S.A Letzring and F.J Marshall and R.L McCrory and S.F.B Morse and W Seka and J.M Soures and C.P Verdon",
	abstract = "OMEGA is a 60-terawatt, 60-beam, frequency-tripled Nd:glass laser system designed to perform precision direct-drive inertial-confinement-fusion (ICF) experiments. The upgrade to the system, completed in April 1995, met or surpassed all technical requirements. The acceptance tests demonstrated exceptional performance throughout the system: high driver stability (< 2% variations), precise control of the beam profiles and amplifier gains, 75% frequency-conversion efficiency, beam energy balance less than 8% and stable on-target irradiation of up to 37 kJ UV. We present these results and show that the system performance is well modeled by our propagation and frequency-conversion codes."
}

@article{NIF_Ref,
	author = {
	George H. Miller and
	Edward I. Moses and 
	Craig R. Wuest
	},
	title = {The National Ignition Facility: enabling
	fusion ignition for the 21st century},
	journal = {Nucl. Fusion},
	volume = {44},
	number = {},
	year = {2004},
}

@article{Z_Ref,
	author = {
	M. E. Cuneo and
	M. C. Herrmann and
	D. B. Sinars and
	S. A. Slutz and
	W. A. Stygar and
	R. A. Vesey and
	A. B. Sefkow and
	G. A. Rochau and
	G. A. Chandler and
	J. E. Bailey and
	J. L. Porter and
	R. D. McBride and
	D. C. Rovang and
	M. G. Mazarakis and
	E. P. Yu and
	D. C. Lamppa and
	K. J. Peterson and
	C. Nakhleh and
	S. B. Hansen and
	A. J. Lopez and
	M. E. Savage and
	C. A. Jennings and
	M. R. Martin and
	R. W. Lemke and
	B. W. Atherton and
	I. C. Smith and
	P. K. Rambo and
	M. Jones and
	M. R. Lopez and
	P. J. Christenson and
	M. A. Sweeney and
	B. Jones and
	L. A. McPherson and
	E. Harding and
	M. R. Gomez and
	P. F. Knapp and
	T. J. Awe and
	R. J. Leeper and
	C. L. Ruiz and
	G. W. Cooper and
	K. D. Hahn and
	J. McKenney and
	A. C. Owen and
	G. R. McKee and
	G. T. Leifeste and
	D. J. Ampleford and
	E. M. Waisman and
	A. Harvey-Thompson and
	R. J. Kaye and
	M. H. Hess and
	S. E. Rosenthal and
	M. K. Matzen
	},
	title = {Magnetically Driven Implosions for Inertial
	Confinement Fusion at Sandia National Laboratories},
	journal = {IEEE Transactions on Plasma Science},
	volume = {40},
	number = {12},
	year = {2012},
}

@article{rhoR_Ref,
	author = {
	D.C. Wilson and
	W.C. Mead and
	L. Disdier and
	M. Houry and
	J.-L. Bourgade and
	T.J. Murphy
	},
	title = {Scattered and (n,2n) neutrons as a measure of areal density in ICF capsules},
	journal = {Nucl. Inst. Meth. A},
	volume = {488},
	number = {},
	year = {2002},
}

@article{Brysk_1973,
	author = {
	H. Brysk
	},
	title = {Fusion neutron energies and spectra},
	journal = {Plasma Phys.},
	volume = {15},
	number = {611},
	year = {1973},
}

@article{Leeper_Z_NTOFs,
	author = {
	R. J. Leeper and
	C. L. Ruiz and
	G. A. Chandler and
	G. W. Cooper and
	D. E. Bower and
	D. N. Fittinghoff and
	E. C. Hagen and
	J. R. Hollaway and
	I. J. McKenna and
	L. A. McPherson and
	M. J. May and
	B. T. Meeham and
	A. J. Nelson and
	T. S. Perry and
	J. L. Porter and
	L. L. Robbins and
	D. B. Sinars and
	J. A. Torres and
	L. H. Ziegler
	},
	title = {ZR neutron diagnostic suite},
	journal = {J. Phys.: Conf. Ser},
	volume = {112},
	number = {032076},
	year = {2008},
}

@article{Hahn_Z_NTOFs,
	author = {
	K D Hahn and
	G A Chandler and
	C L Ruiz and
	G W Cooper and
	M R Gomez and
	S Slutz and
	A B Sefkow and
	D B Sinars and
	S B Hansen and
	P F Knapp and
	P F Schmit and
	E Harding and
	C A	Jennings and
	T J Awe and
	M Geissel and
	D C Rovang and
	J A Torres and
	J A Bur and
	M E	Cuneo and
	V Yu Glebov and
	A J Harvey-Thompson and
	M C Herrman and
	M H Hess and
	O Johns and
	B Jones and
	D C Lamppa and
	J S Lash and
	M R Martin and
	R D McBride and
	K J	Peterson and
	J L Porter and
	J Reneker and
	G K Robertson and
	G A Rochau and
	M E Savage and
	I C Smith and
	J D Styron and
	R A Vesey
	},
	title = {Fusion-neutron measurements for magnetized liner inertial fusion experiments on the Z accelerator},
	journal = {J. Phys.: Conf. Ser},
	volume = {717},
	number = {012020},
	year = {2016},
}

@conference{Seguin_DDn_Spectrometer,
	author    = {
		F. Seguin and
		M. Gatu-Johnson and
		N. Sinenian and
		H. Sio and
		A. Zylstra and
		M. Manuel and
		D. Casey and
		H. Rinderknecht and
		M. Rosenberg and
		J. Frenje and
		C. Li and
		R. Petrasso and
		V. Glebov and
		J. Knauer and
		D. Meyerhofer and
		T. Sangster and
		C. Stoekl and
		R. Bionta and
		D. Bleuel and
		S. Hatchett and
		A. Mackinnon and
		D. Munro and
		O. Landen and
		C. Yeamans and
		J. Kilkenny and
		R. Leeper
	},
	title     = {Compact DD-neutron spectrometers for studying ρR, ρR symmetry and yield at the NIF and OMEGA},
	year      = {2012},
	booktitle = {54th Annual Meeting of the APS Division of Plasma Physics}
}

@article{Kacenjar_PRL_1982,
  title = {Direct Measurement of the Fuel Density-Radius Product in Laser-Fusion Experiments},
author = {Kacenjar, S. and Skupsky, S. and Entenberg, A. and Goldman, L. and Richardson, M.},
journal = {Phys. Rev. Lett.},
volume = {49},
issue = {7},
pages = {463--467},
numpages = {0},
year = {1982},
month = {Aug},
publisher = {American Physical Society},
doi = {10.1103/PhysRevLett.49.463},
url = {https://link.aps.org/doi/10.1103/PhysRevLett.49.463}
}

@article{Leeper_AppliedPhysics_1986,
author = {Leeper,R. J.  and Lee,J. R.  and Kissel,L.  and Johnson,D. J.  and Stygar,W. A.  and Hebron,D. E. },
title = {Direct measurement of the energy spectrum of an intense proton beam},
journal = {Journal of Applied Physics},
volume = {60},
number = {12},
pages = {4059-4063},
year = {1986},
doi = {10.1063/1.337536},

URL = { 
https://doi.org/10.1063/1.337536

},
}

@article{Stapf_NucInst_1987,
	title = "Calibration of neutron detector response to 2.45 MeV neutrons based on 3.02 MeV proton tracks in CR39",
	journal = "Nuclear Instruments and Methods in Physics Research Section A: Accelerators, Spectrometers, Detectors and Associated Equipment",
	volume = "254",
	number = "1",
	pages = "135 - 138",
	year = "1987",
	issn = "0168-9002",
	doi = "https://doi.org/10.1016/0168-9002(87)90494-3",
	url = "http://www.sciencedirect.com/science/article/pii/0168900287904943",
	author = "Reinhold Otto Stapf and Hiroshi Azechi and Noriaki Miyanaga and Hiroyuki Nakaishi and Masanobu Yamanaka and Yasukazu Izawa and Tatsuhiko Yamanaka and Chiyoe Yamanaka",
	abstract = "A method of calibrating neutron detectors used in fusion research for their response to 2.45 MeV neutrons is presented. The method is based on the assumption that the ratio of neutrons to protons born by thermonuclear fusion reactions in deuterium fuel is unity, and on the use of CR39 plastic to measure the proton energy and fluence."
}

@article{Oda_NucInst_1988,
	title = "Track formation in CR-39 detector exposed to D-T neutrons",
	journal = "Nuclear Instruments and Methods in Physics Research Section B: Beam Interactions with Materials and Atoms",
	volume = "35",
	number = "1",
	pages = "50 - 56",
	year = "1988",
	issn = "0168-583X",
	doi = "https://doi.org/10.1016/0168-583X(88)90097-3",
	url = "http://www.sciencedirect.com/science/article/pii/0168583X88900973",
	author = "K. Oda and M. Ito and H. Miyake and M. Michijima and J. Yamamoto",
	abstract = "The characteristic response of CR-39 track detectors exposed to a D-T neutron field has been investigated both experimentally and theoretically. In order to discriminate the etched tracks due to neutron-induced particles from those of protons secondarily generated near a tritium target, we developed a new technique based on intermittent chemical etching. The intrinsic efficiency for D-T neutron detection with bare CR-39 was thereby estimated to be about (7−8) × 10−5 pits/n. A theoretical calculation has also been carried out with a special attention to the angular dependence of differential cross sections for all constituent elements and the characteristic response to carbon and oxygen ions as well as protons and α-particles. These results suggest that the etch pits are mainly due to heavy recoils; in other words, the contribution of proton recoils to the efficiency is extremely small."
}

// **********************************
// REVIEW OF SCIENTIFIC INSTRUMENTS *
// **********************************

@article{Kacenjar_RSI_1981,
author = {Kacenjar,Steve  and Goldman,Leonard  and Entenberg,Alan },
title = {Copper activation counter calibration using solid state track detectors},
journal = {Review of Scientific Instruments},
volume = {52},
number = {6},
pages = {831-834},
year = {1981},
doi = {10.1063/1.1136704},

URL = { 
https://doi.org/10.1063/1.1136704

},
}

@article{Hicks_RSI_1997,
	author = {Hicks,D. G.  and Li,C. K.  and Petrasso,R. D.  and Séguin,F. H.  and Burke,B. E.  and Knauer,J. P.  and Cremer,S.  and Kremens,R. L.  and Cable,M. D.  and Phillips,T. W. },
	title = {Design of an electronic charged particle spectrometer to measure 〈ρR〉 on inertial fusion experiments},
	journal = {Review of Scientific Instruments},
	volume = {68},
	number = {1},
	pages = {589-592},
	year = {1997},
	doi = {10.1063/1.1147660},
	
	URL = { 
	https://doi.org/10.1063/1.1147660
	
	},
	eprint = { 
	https://doi.org/10.1063/1.1147660
	
	}
	
}

@article{Frenje_RSI_2002,
author = {Frenje,J. A.  and Li,C. K.  and Séguin,F. H.  and Hicks,D. G.  and Kurebayashi,S.  and Petrasso,R. D.  and Roberts,S.  and Glebov,V. Yu.  and Meyerhofer,D. D.  and Sangster,T. C.  and Soures,J. M.  and Stoeckl,C.  and Chiritescu,C.  and Schmid,G. J.  and Lerche,R. A. },
title = {Absolute measurements of neutron yields from DD and DT implosions at the OMEGA laser facility using CR-39 track detectors},
journal = {Review of Scientific Instruments},
volume = {73},
number = {7},
pages = {2597-2605},
year = {2002},
doi = {10.1063/1.1487889},

URL = { 
https://doi.org/10.1063/1.1487889

},

}

@article{Seguin_RSI_2003,
author = {Séguin,F. H.  and Frenje,J. A.  and Li,C. K.  and Hicks,D. G.  and Kurebayashi,S.  and Rygg,J. R.  and Schwartz,B.-E.  and Petrasso,R. D.  and Roberts,S.  and Soures,J. M.  and Meyerhofer,D. D.  and Sangster,T. C.  and Knauer,J. P.  and Sorce,C.  and Glebov,V. Yu.  and Stoeckl,C.  and Phillips,T. W.  and Leeper,R. J.  and Fletcher,K.  and Padalino,S. },
title = {Spectrometry of charged particles from inertial-confinement-fusion plasmas},
journal = {Review of Scientific Instruments},
volume = {74},
number = {2},
pages = {975-995},
year = {2003},
doi = {10.1063/1.1518141},

URL = { 
https://doi.org/10.1063/1.1518141

},
}

@article{Seguin_RSI_2004,
author = {Séguin,F. H.  and DeCiantis,J. L.  and Frenje,J. A.  and Kurebayashi,S.  and Li,C. K.  and Rygg,J. R.  and Chen,C.  and Berube,V.  and Schwartz,B. E.  and Petrasso,R. D.  and Smalyuk,V. A.  and Marshall,F. J.  and Knauer,J. P.  and Delettrez,J. A.  and McKenty,P. W.  and Meyerhofer,D. D.  and Roberts,S.  and Sangster,T. C.  and Mikaelian,K.  and Park,H. S. },
title = {D3He-proton emission imaging for inertial-confinement-fusion experiments (invited)},
journal = {Review of Scientific Instruments},
volume = {75},
number = {10},
pages = {3520-3525},
year = {2004},
doi = {10.1063/1.1788892},

URL = { 
https://doi.org/10.1063/1.1788892

},
}

@article{DeCiantis_RSI_2006,
author = {DeCiantis,J. L.  and Séguin,F. H.  and Frenje,J. A.  and Berube,V.  and Canavan,M. J.  and Chen,C. D.  and Kurebayashi,S.  and Li,C. K.  and Rygg,J. R.  and Schwartz,B. E.  and Petrasso,R. D.  and Delettrez,J. A.  and Regan,S. P.  and Smalyuk,V. A.  and Knauer,J. P.  and Marshall,F. J.  and Meyerhofer,D. D.  and Roberts,S.  and Sangster,T. C.  and Stoeckl,C.  and Mikaelian,K.  and Park,H. S.  and Robey,H. F. },
title = {Proton core imaging of the nuclear burn in inertial confinement fusion implosions},
journal = {Review of Scientific Instruments},
volume = {77},
number = {4},
pages = {043503},
year = {2006},
doi = {10.1063/1.2173788},

URL = { 
https://doi.org/10.1063/1.2173788

},
}

@article{Frenje_RSI_2008,
	author = {
	J. A. Frenje and
	D. T. Casey and
	C. K. Li and
	J. R. Rygg and
	F. H. Séguin and
	R. D. Petrasso and
	V. Yu Glebov and
	D. D. Meyerhofer and 
	T. C. Sangster and
	S. Hatchett and
	S. Haan and
	C. Cerjan and
	O. Landen and
	M. Moran and
	P. Song and
	D. C. Wilson and 
	R. J. Leeper
	},
	title = {First measurements of the absolute neutron spectrum using the magnetic recoil spectrometer at OMEGA (invited)},
	journal = {Rev. Sci. Instrum},
	volume = {79},
	number = {10E502},
	year = {2008},
}

@article{Glebov_RSI_2010,
	author = {
	V. Yu. Glebov and
	T. C. Sangster and
	C. Stoeckl and
	J. P. Knauer and
	W. Theobald and
	K. L. Marshall and
	M. J. Shoup III and
	T. Buczek and
	M. Cruz and
	T. Duffy and
	M. Romanofsky and
	M. Fox and
	A. Pruyne and
	M. J. Moran and
	R. A. Lerche and
	J. McNaney and
	J. D. Kilkenny and
	M. J. Eckart and
	D. Schneider and
	D. Munro and
	W. Stoeffl and
	R. Zacharias and
	J. J. Haslam and
	T. Clancy and
	M. Yeoman and
	D. Warwas and
	C. J. Horsfield and
	J.-L. Bourgade and
	O. Landoas and
	L. Disdier and
	G. A. Chandler and
	R. J. Leeper
	},
	title = {The National Ignition Facility neutron time-of-flight system and its initial performance},
	journal = {Rev. Sci. Instrum},
	volume = {81},
	number = {10D325},
	year = {2010},
}


@article{Freeman_RSI_2011,
	author = {
	C. G. Freeman and
	G. Fiksel and 
	C. Stoeckl and 
	N. Sinenian and 
	M. J. Canfield and 
	G. B. Graeper and
	A. T. Lombardo and 
	C. R. Stillman and 
	S. J. Padalino and 
	C. Mileham and 
	T. C. Sangster and 
	J. A. Frenje
	},
	title = {Calibration of a Thomson parabola ion spectrometer and Fujifilm imaging plate detectors for protons, deuterons, and alpha particles},
	journal = {Rev. Sci. Instrum},
	volume = {82},
	number = {073301},
	year = {2011},
}
@article{Sinenian_RSI_2011,
	author = {
	N. Sinenian and
	M. J. Rosenberg and
	M. Manuel and
	S. C. McDuffee and
	D. T. Casey and
	A. B. Zylstra and
	H. G. Rinderknecht and
	M. Gatu Johnson and
	F. H. Séguin and
	J. A. Frenje and
	C. K. Li and
	R. D. Petrasso
	},
	title = {The response of CR-39 nuclear track detector to 1–9 MeV protons},
	journal = {Rev. Sci. Instrum},
	volume = {82},
	number = {103303},
	year = {2011},
}
@article{Casey_RSI_2011,
	author = {
	D. T. Casey and
	J. A. Frenje and
	F. H. Séguin and
	C. K. Li and
	M. J. Rosenberg and
	H. Rinderknecht and
	M. J.-E. Manuel and
	M. Gatu Johnson and
	J. C. Schaeffer and
	R. Frankel and
	N. Sinenian and
	R. A. Childs and
	R. D. Petrasso and
	V. Yu. Glebov and
	T. C. Sangster and
	M. Burke and
	S. Roberts
	},
	title = {The coincidence counting technique for orders of magnitude background reduction in data obtained with the magnetic recoil spectrometer at OMEGA and the NIF},
	journal = {Rev. Sci. Instrum},
	volume = {82},
	number = {073502},
	year = {2011},
}

@article{Sinenian_RSI_2012,
	author = {
	N. Sinenian and
	M. J.-E. Manuel and
	A. B. Zylstra and
	M. Rosenberg and
	C. J. Waugh and
	H. G. Rinderknecht and
	D. T. Casey and
	H. Sio and
	J. K. Ruszczynski and
	L. Zhou and
	M. Gatu Johnson and
	J. A. Frenje and
	F. H. Séguin and
	C. K. Li and
	R. D. Petrasso and
	C. L. Ruiz and
	R. J. Leeper
	},
	title = {Upgrade of the MIT Linear Electrostatic Ion Accelerator (LEIA) for nuclear
	diagnostics development for Omega, Z and the NIF},
	journal = {Rev. Sci. Instrum},
	volume = {83},
	number = {043502},
	year = {2012},
}
@article{Zylstra_RSI_2012,
	author = {
	A. B. Zylstra and
	C. K. Li and 
	H. G. Rinderknecht and 
	F. H. Séguin and 
	R. D. Petrasso and
	C. Stoeckl and D. D. Meyerhofer and
	P. Nilson and
	T. C. Sangster and 
	S. Le Pape and
	A. Mackinnon and 
	P. Patel
	},
	title = {Using high-intensity laser-generated energetic protons to radiograph directly driven implosions},
	journal = {Rev. Sci. Instrum},
	volume = {83},
	number = {013511},
	year = {2012},
}
@article{Zylstra_RSI_2012_2,
	author = {
	A. B. Zylstra and
	J. A. Frenje and
	F. H. Séguin and
	M. J. Rosenberg and
	H. G. Rinderknecht and
	M. Gatu Johnson and
	D. T. Casey and
	N. Sinenian and
	M. J.-E. Manuel and
	C. J. Waugh and
	H. W. Sio and
	C. K. Li and
	R. D. Petrasso and
	S. Friedrich and
	K. Knittel and
	R. Bionta and
	M. McKernan and
	D. Callahan and
	G. W. Collins and
	E. Dewald and
	T. Döppner and
	M. J. Edwards and
	S. Glenzer and
	D. G. Hicks and
	O. L. Landen and
	R. London and
	A. Mackinnon and
	N. Meezan and
	R. R. Prasad and
	J. Ralph and
	M. Richardson and
	J. R. Rygg and
	S. Sepke and
	S. Weber and
	R. Zacharias and
	E. Moses and
	J. Kilkenny and
	A. Nikroo and
	T. C. Sangster and
	V. Glebov and
	C. Stoeckl and
	R. Olson and
	R. J. Leeper and
	J. Kline and
	G. Kyrala and
	D. Wilson
	},
	title = {Charged-particle spectroscopy for diagnosing shock ρR and strength in NIF implosions},
	journal = {Rev. Sci. Instrum},
	volume = {83},
	number = {10D901},
	year = {2012},
}
@article{Seguin_RSI_2012,
	author = {
	F. H. Seguin and
	N. Sinenian and
	M. Rosenberg and
	A. Zylstra and
	M. J.-E. Manuel and
	H. Sio and
	C. Waugh and
	H. G. Rinderknecht and
	M. Gatu Johnson and
	J. Frenje and
	C. K. Li and
	R. Petrasso and
	T. C. Sangster and
	S. Roberts
	},
	title = {Advances in compact proton spectrometers for inertial-confinement fusion and plasma nuclear science},
	journal = {Rev. Sci. Instrum},
	volume = {83},
	number = {10D908},
	year = {2012},
}
@article{Casey_RSI_2012,
	author = {
	D. T. Casey and
	J. A. Frenje and
	M. Gatu Johnson and
	F. H. Séguin and
	C. K. Li and
	R. D. Petrasso and
	V. Yu. Glebov and
	J. Katz and
	J. P. Knauer and
	D. D. Meyerhofer and
	T. C. Sangster and
	R. M. Bionta and
	D. L. Bleuel and
	T. Döppner and
	S. Glenzer and
	E. Hartouni and
	S. P. Hatchett and
	S. Le Pape and
	T. Ma and
	A. MacKinnon and
	M. A. Mckernan and
	M. Moran and
	E. Moses and
	H.-S. Park and
	J. Ralph and
	B. A. Remington and
	V. Smalyuk and
	C. B. Yeamans and
	J. Kline and
	G. Kyrala and
	G. A. Chandler and
	R. J. Leeper and
	C. L. Ruiz and
	G. W. Cooper and
	A. J. Nelson and
	K. Fletcher and
	J. Kilkenny and
	M. Farrell and
	D. Jasion and
	R. Paguio
	},
	title = {Measuring the absolute deuterium–tritium neutron yield using the magnetic recoil spectrometer at OMEGA and the NIF
},
	journal = {Rev. Sci. Instrum},
	volume = {83},
	number = {10D912},
	year = {2012},
}
@article{Gatu-Johnson_RSI_2012,
	author = {
	M. Gatu Johnson and
	J. A. Frenje and
	D. T. Casey and
	C. K. Li and
	F. H. Séguin and
	R. Petrasso and
	R. Ashabranner and
	R. M. Bionta and
	D. L. Bleuel and
	E. J. Bond and
	J. A. Caggiano and
	A. Carpenter and
	C. J. Cerjan and
	T. J. Clancy and
	T. Doeppner and
	M. J. Eckart and
	M. J. Edwards and
	S. Friedrich and
	S. H. Glenzer and
	S. W. Haan and
	E. P. Hartouni and
	R. Hatarik and
	S. P. Hatchett and
	O. S. Jones and
	G. Kyrala and
	S. Le Pape and
	R. A. Lerche and
	O. L. Landen and
	T. Ma and
	A. J. MacKinnon and
	M. A. McKernan and
	M. J. Moran and
	E. Moses and
	D. H. Munro and
	J. McNaney and
	H. S. Park and
	J. Ralph and
	B. Remington and
	J. R. Rygg and
	S. M. Sepke and
	V. Smalyuk and
	B. Spears and
	P. T. Springer and
	C. B. Yeamans and
	M. Farrell and
	D. Jasion and
	J. D. Kilkenny and
	A. Nikroo and
	R. Paguio and
	J. P. Knauer and
	V. Yu Glebov and
	T. C. Sangster and
	R. Betti and
	C. Stoeckl and
	J. Magoon and
	M. J. Shoup III and
	G. P. Grim and
	J. Kline and
	G. L. Morgan and
	T. J. Murphy and
	R. J. Leeper and
	C. L. Ruiz and
	G. W. Cooper and
	A. J. Nelson
	},
	title = {Neutron spectrometry—An essential tool for diagnosing implosions at the National Ignition Facility},
	journal = {Rev. Sci. Instrum},
	volume = {83},
	number = {10D308},
	year = {2012},
}


@article{Casey_RSI_2013,
	author = {
	D. T. Casey and
	J. A. Frenje and
	M. Gatu Johnson and
	F. H. Séguin and
	C. K. Li and
	R. D. Petrasso and
	V. Yu. Glebov and
	J. Katz and
	J. Magoon and
	D. D. Meyerhofer and
	T. C. Sangster and
	M. Shoup and
	J. Ulreich and
	R. C. Ashabranner and
	R. M. Bionta and
	A. C. Carpenter and
	B. Felker and
	H. Y. Khater and
	S. LePape and
	A. MacKinnon and
	M. A. McKernan and
	M. Moran and
	J. R. Rygg and
	M. F. Yeoman and
	R. Zacharias and
	R. J. Leeper and
	K. Fletcher and
	M. Farrell and
	D. Jasion and
	J. Kilkenny and
	R. Paguio
	},
	title = {The magnetic recoil spectrometer for measurements of the absolute
	neutron spectrum at OMEGA and the NIF},
	journal = {Rev. Sci. Instrum},
	volume = {84},
	number = {043506},
	year = {2013},
}

@article{Zylstra_RSI_2014,
	author = {
	A. B. Zylstra and
	M. Gatu Johnson and
	J. A. Frenje and
	F. H. Séguin and
	H. G. Rinderknecht and
	M. J. Rosenberg and
	H. W. Sio and
	C. K. Li and
	R. D. Petrasso and
	M. McCluskey and
	D. Mastrosimone and
	V. Yu. Glebov and
	C. Forrest and
	C. Stoeckl and
	T. C. Sangster
	},
	title = {A compact neutron spectrometer for characterizing inertial confinement fusion implosions at OMEGA and the NIF},
	journal = {Rev. Sci. Instrum},
	volume = {85},
	number = {063502},
	year = {2014},
}
@article{Gatu-Johnson_RSI_2014,
	author = {
	M. Gatu Johnson and
	J. A. Frenje and
	C. K. Li and
	F. H. Séguin and
	R. D. Petrasso and
	R. M. Bionta and
	D. T. Casey and
	J. A. Caggiano and
	R. Hatarik and
	H. Y. Khater and
	D. B. Sayre and
	J. P. Knauer and
	T. C. Sangster and
	H. W. Herrmann and
	J. D. Kilkenny
	},
	title = {Measurements of fuel and ablator ρR in Symmetry-Capsule implosions with the Magnetic Recoil neutron Spectrometer (MRS) on the National Ignition Facility},
	journal = {Rev. Sci. Instrum},
	volume = {85},
	number = {11E104},
	year = {2014},
}
@article{Rosenberg_RSI_2014,
	author = {
	M. J. Rosenberg and
	F. H. Séguin and
	C. J. Waugh and
	H. G. Rinderknecht and
	D. Orozco and
	J. A. Frenje and
	M. Gatu Johnson and
	H. Sio and
	A. B. Zylstra and
	N. Sinenian and
	C. K. Li and
	R. D. Petrasso and
	V. Yu. Glebov and
	C. Stoeckl and
	M. Hohenberger and
	T. C. Sangster and
	S. LePape and
	A. J. Mackinnon and
	R. M. Bionta and
	O. L. Landen and
	R. A. Zacharias and
	Y. Kim and
	H. W. Herrmann and
	J. D. Kilkenny
	},
	title = {Empirical assessment of the detection efficiency of CR-39 at high proton fluence and a compact, proton detector for high-fluence applications},
	journal = {Rev. Sci. Instrum},
	volume = {85},
	number = {043302},
	year = {2014},
}
@article{Rosenberg_RSI_2014_2,
	author = {
	M. J. Rosenberg and
	A. B. Zylstra and
	J. A. Frenje and
	H. G. Rinderknecht and
	M. Gatu Johnson and
	C. J. Waugh and
	F. H. Séguin and
	H. Sio and
	N. Sinenian and
	C. K. Li and
	R. D. Petrasso and
	V. Yu. Glebov and
	M. Hohenberger and
	C. Stoeckl and
	T. C. Sangster and
	C. B. Yeamans and
	S. LePape and
	A. J. Mackinnon and
	R. M. Bionta and
	B. Talison and
	D. T. Casey and
	O. L. Landen and
	M. J. Moran and
	R. A. Zacharias and
	J. D. Kilkenny and
	A. Nikroo
	},
	title = {A compact proton spectrometer for measurement of the absolute DD proton spectrum	from which yield and ρR are determined in thin-shell inertial-confinement-fusion	implosions},
	journal = {Rev. Sci. Instrum},
	volume = {85},
	number = {103504},
	year = {2014},
}
@article{Glebov_RSI_2014,
	author = {
	V. Yu. Glebov and
	C. J. Forrest and
	K. L. Marshall and
	M. Romanofsky and
	T. C. Sangster and
	M. J. Shoup III and
	C. Stoeckl
	},
	title = {A new neutron time-of-flight detector for fuel-areal-density measurements on OMEGA},
	journal = {Rev. Sci. Instrum},
	volume = {85},
	number = {11E102},
	year = {2014},
}


@article{Herrera_RSI_2015,
	author = {
	J. Rojas-Herrera and
	H. G. Rinderknecht and
	A. B. Zylstra and
	M. Gatu Johnson and
	D. Orozco and
	M. J. Rosenberg and
	H. Sio and
	F. H. Seguin and
	J. A. Frenje and
	C. K. Li and
	R. D. Petrasso
	},
	title = {Impact of x-ray dose on the response of CR-39 to 1–5.5 MeV alphas},
	journal = {Rev. Sci. Instrum},
	volume = {86},
	number = {033501},
	year = {2015},
}
@article{Rinderknecht_RSI_2015,
	author = {
	H. G. Rinderknecht and
	J. Rojas-Herrera and
	A. B. Zylstra and
	J. A. Frenje and
	M. Gatu Johnson and
	H. Sio and
	N. Sinenian and
	M. J. Rosenberg and
	C. K. Li and
	F. H. Séguin and
	R. D. Petrasso and
	T. Filkins and
	Jeffrey A. Steidle and
	Jessica A. Steidle and
	N. Traynor and
	C. Freeman
	},
	title = {Impact of x-ray dose on track formation and data analysis for CR-39-based proton diagnostics},
	journal = {Rev. Sci. Instrum},
	volume = {86},
	number = {123511},
	year = {2015},
}
@article{Waugh_RSI_2015,
	author = {
	C. J. Waugh and
	M. J. Rosenberg and
	A. B. Zylstra and
	J. A. Frenje and
	F. H. Séguin and
	R. D. Petrasso and
	V. Yu. Glebov and
	T. C. Sangster and
	C. Stoeckl
	},
	title = {A method for in situ absolute DD yield calibration of neutron time-of-flight detectors on OMEGA using CR-39-based proton detectors},
	journal = {Rev. Sci. Instrum},
	volume = {86},
	number = {053506},
	year = {2015},
}

@article{Frenje_RSI_2016,
	author = {Frenje,J. A.  and Hilsabeck,T. J.  and Wink,C. W.  and Bell,P.  and Bionta,R.  and Cerjan,C.  and Gatu Johnson,M.  and Kilkenny,J. D.  and Li,C. K.  and Séguin,F. H.  and Petrasso,R. D. },
	title = {The magnetic recoil spectrometer (MRSt) for time-resolved measurements of the neutron spectrum at the National Ignition Facility (NIF)},
	journal = {Review of Scientific Instruments},
	volume = {87},
	number = {11},
	pages = {11D806},
	year = {2016},
	doi = {10.1063/1.4959164},
	
	URL = { 
	https://aip.scitation.org/doi/abs/10.1063/1.4959164
	
	},
	eprint = { 
	https://aip.scitation.org/doi/pdf/10.1063/1.4959164
	
	}
	
}

@article{Zylstra_RSI_2016,
	author = {
	A. B. Zylstra and
	H.-S. Park and
	J. S. Ross and
	F. Fiuza and
	J. A. Frenje and
	D. P. Higginson and
	C. Huntington and
	C. K. Li and
	R. D. Petrasso and
	B. Pollock and
	B. Remington and
	H. G. Rinderknecht and
	D. Ryutov and
	F. H. Séguin and
	D. Turnbull and
	S. C. Wilks
	},
	title = {Proton pinhole imaging on the National Ignition Facility},
	journal = {Rev. Sci. Instrum},
	volume = {87},
	number = {11E704},
	year = {2016},
}
@article{Gatu-Johnson_RSI_2016,
	author = {
	M. Gatu Johnson and
	J. A. Frenje and
	R. M. Bionta and
	D. T. Casey and
	M. J. Eckart and
	M. P. Farrell and
	G. P. Grim and
	E. P. Hartouni and
	R. Hatarik and
	M. Hoppe and
	J. D. Kilkenny and
	C. K. Li and
	R. D. Petrasso and
	H. G. Reynolds and
	D. B. Sayre and
	M. E. Schoff and
	F. H. Séguin and
	K. Skulina and
	C. B. Yeamans
	},
	title = {High-resolution measurements of the DT neutron spectrum using new CD foils in the Magnetic Recoil neutron Spectrometer (MRS) on the National Ignition Facility
},
	journal = {Rev. Sci. Instrum},
	volume = {87},
	number = {11D816},
	year = {2016},
}
@article{Lahmann_RSI_2016,
	author = {
	B. Lahmann and
	L. M. Milanese and
	W. Han and
	M. Gatu Johnson and
	F. H. Séguin and
	J. A. Frenje and
	R. D. Petrasso and
	K. D. Hahn and
	B. Jones
	},
	title = {Application of the coincidence counting technique to DD neutron spectrometry data at the NIF, OMEGA, and Z

	},
	journal = {Rev. Sci. Instrum},
	volume = {87},
	number = {11D801},
	year = {2016},
}

@article{Gatu-Johnson_RSI_2018,
	author = {
	M. Gatu Johnson and
	J. Katz and
	C. Forrest and
	J. A. Frenje and
	V. Yu. Glebov and
	C. K. Li and
	R. Paguio and
	C. E. Parker and
	C. Robillard and
	T. C. Sangster and
	M. Schoff and
	F. H. Seguin and
	C. Stoeckl and
	R. D. Petrasso
	},
	title = {Measurement of apparent ion temperature using the magnetic recoil spectrometer at the OMEGA laser facility},
	journal = {Rev. Sci. Instrum},
	volume = {89},
	number = {10I129},
	year = {2018},
}
@article{Ampleford_RSI_2018,
	author = {
	David J. Ampleford and
	Carlos L. Ruiz and
	David N. Fittinghoff and
	Jeremy D. Vaughan and
	Kelly Hahn and
	Brandon Lahmann and
	Maria Gatu-Johnson and
	Johan Frenje and
	Richard Petrasso and
	Christopher R. Ball and
	Andrew J. Maurer and
	Patrick F. Knapp and
	Adam J. Harvey-Thompson and
	John Fisher and
	Perry Alberto and
	Jose A. Torres and
	Gary Cooper and
	Brent Jones and
	Gregory A. Rochau and
	Mark J. May
	},
	title = {One dimensional imager of neutrons on the Z machine},
	journal = {Rev. Sci. Instrum},
	volume = {89},
	number = {10I132},
	year = {2018},
}

@article{Lahmann_RSI_2020,
	author = {Lahmann,B.  and Gatu Johnson,M.  and Frenje,J. A.  and Glebov,Y. Yu.  and Rinderknecht,H. G.  and Séguin,F. H.  and Sutcliffe,G.  and Petrasso,R. D. },
	title = {CR-39 nuclear track detector response to inertial confinement fusion relevant ions},
	journal = {Review of Scientific Instruments},
	volume = {91},
	number = {5},
	pages = {053502},
	year = {2020},
	doi = {10.1063/5.0004129},
	
	URL = { 
	https://doi.org/10.1063/5.0004129
	
	},
	eprint = { 
	https://doi.org/10.1063/5.0004129
	
	}
}

@article{Lahmann_RSI_2020_NeutronSpec,
	author = {Lahmann,B.  and Gatu Johnson,M.  and Hahn,K. D.  and Frenje,J. A.  and Ampleford,D. J.  and Jones,B.  and Mangan,M. A.  and Maurer,A.  and Ruiz,C. L.  and Séguin,F. H.  and Petrasso,R. D. },
	title = {A neutron recoil-spectrometer for measuring yield and determining liner areal densities at the Z facility},
	journal = {Review of Scientific Instruments},
	volume = {91},
	number = {7},
	pages = {073501},
	year = {2020},
	doi = {10.1063/5.0011499},
	
	URL = { 
	https://doi.org/10.1063/5.0011499
	
	},
	eprint = { 
	https://doi.org/10.1063/5.0011499
	
	}
	
}

@unpublished{SRF_RSI,
	author	= {B. Lahmann},
	title	= {Extension of Step Range Filter (SRF) spectrometer capabilities for measuring low energy ion spectra on THE NIF and OMEGA},
	note	= {To be submitted to RSI at a later date},
}

@unpublished{T3HeBacklighter_RSI,
	author	= {G. Sutcliffe},
	title	= {A new tri-particle backlighter and stopping power platform for high-energy-density plasmas},
	note	= {To be submitted to RSI at a later date},
}

// ****
// PRL
// ****

@article{Zylstra_PRL_2016,
	author = {
	A. B. Zylstra and
	H. W. Herrmann and
	M. Gatu Johnson and
	Y. H. Kim and
	J. A. Frenje and
	G. Hale and
	C. K. Li and
	M. Rubery and
	M. Paris and
	A. Bacher and
	C. R. Brune and
	C. Forrest and
	V. Yu. Glebov and
	R. Janezic and
	D. McNabb and
	A. Nikroo and
	J. Pino and
	T. C. Sangster and
	F. H. Séguin and
	W. Seka and
	H. Sio and
	C. Stoeckl and
	R. D. Petrasso
	},
	title = {Using Inertial Fusion Implosions to Measure the T+3^He Fusion Cross Section
	at Nucleosynthesis-Relevant Energies},
	journal = {PRL},
	volume = {117},
	number = {035002},
	year = {2016},
}

@article{Zylstra_PRL_2017,
title = {Proton Spectra from $^{3}\mathrm{He}+\mathrm{T}$ and $^{3}\mathrm{He}+^{3}\mathrm{He}$ Fusion at Low Center-of-Mass Energy, with Potential Implications for Solar Fusion Cross Sections},
author = {Zylstra, A. B. and Frenje, J. A. and Gatu Johnson, M. and Hale, G. M. and Brune, C. R. and Bacher, A. and Casey, D. T. and Li, C. K. and McNabb, D. and Paris, M. and Petrasso, R. D. and Sangster, T. C. and Sayre, D. B. and S\'eguin, F. H.},
journal = {Phys. Rev. Lett.},
volume = {119},
issue = {22},
pages = {222701},
numpages = {5},
year = {2017},
month = {Nov},
publisher = {American Physical Society},
doi = {10.1103/PhysRevLett.119.222701},
url = {https://link.aps.org/doi/10.1103/PhysRevLett.119.222701}
}




// *******************
// Physics of Plasmas
// *******************

@article{Lindl_PoP_1995,
	author = {
	John Lindl
	},
	title = {Development of the indirect-drive approach to inertial confinement	fusion and the target physics basis for ignition and gain },
	journal = {Physics of Plasmas},
	volume = {2},
	number = {3933},
	year = {1995},
}


@article{Li_PoP_2001,
	author = {
	C. K. Li and
	F. H. Séguin and
	D. G. Hicks and
	J. A. Frenje and
	K. M. Green and
	S. Kurebayashi and
	R. D. Petrasso and
	D. D. Meyerhofer and
	J. M. Soures and
	V. Yu. Glebov and
	R. L. Keck and
	P. B. Radha and
	S. Roberts and
	W. Seka and
	S. Skupsky and
	C. Stoeckl and
	T. C. Sangster
	},
	title = {Study of direct-drive, deuterium–tritium gas-filled plastic capsule implosions using nuclear diagnostics at OMEGA},
	journal = {Physics of Plasmas},
	volume = {8},
	number = {11},
	year = {2001},
}

@article{Gatu-Johnson_PoP_2018,
	author = {
	M. Gatu Johnson and
	D. T. Casey and
	M. Hohenberger and
	A. B. Zylstra and
	A. Bacher and
	C. R. Brune and
	R. M. Bionta and
	R. S. Craxton and
	C. L. Ellison and
	M. Farrell and
	J. A. Frenje and
	W. Garbett and
	E. M. Garcia and
	G. P. Grim and
	E. Hartouni and
	R. Hatarik and
	H. W. Herrmann and
	M. Hohensee and
	D. M. Holunga and
	M. Hoppe and
	M. Jackson and
	N. Kabadi and
	S. F. Khan and
	J. D. Kilkenny and
	T. R. Kohut and
	B. Lahmann and
	H. P. Le and
	C. K. Li and
	L. Masse and
	P. W. McKenty and
	D. P. McNabb and
	A. Nikroo and
	T. G. Parham and
	C. E. Parker and
	R. D. Petrasso and
	J. Pino and
	B. Remington and
	N. G. Rice and
	H. G. Rinderknecht and
	M. J. Rosenberg and
	J. Sanchez and
	D. B. Sayre and
	M. E. Schoff and
	C. M. Shuldberg and
	F. H. Seguin and
	H. Sio and
	Z. B. Walters and
	H. D. Whitley
	},
	title = {Optimization of a high-yield, low-areal-density fusion product source at the National
	Ignition Facility with applications in nucleosynthesis experiments},
	journal = {Physics of Plasmas},
	volume = {25},
	number = {056303},
	year = {2018},
}
